@report{onspopulation,
    author = {{Office for National Statistics}},
    title = {\href{http://www.ons.gov.uk/peoplepopulationandcommunity/populationandmigration/populationestimates/articles/overviewoftheukpopulation/february2016}{Overview of the UK population: February 2016}},
    type = {},
    institution = {Office for National Statistics (ONS)},
    year = {2016},
}

@report{hse2014,
	author = {S. Bridges},
    title = {\href{http://healthsurvey.hscic.gov.uk/media/37739/HSE2014-Ch2-Mental-health-problems.pdf}{Health Survey for England 2014: Chapter 2 - Mental health problems}},
    type = {},
    institution = {Health \& Social Care Information Centre (HSCIC)},
    year = {2014},
}

@report{cmoreport2013,
	author = {S.C. Davies},
    title = {\href{https://www.gov.uk/government/publications/chief-medical-officer-cmo-annual-report-public-mental-health}{Annual Report of the Chief Medical Officer 2013, Public Mental Health Priorities: Investing in the Evidence}},
    type = {},
    institution = {Department of Health},
    year = {2013},
    pages = {11 -- 19},
}

@article{burdendisorders,
	author = {A.J. Ferrari and F.J. Charlson and R.E. Norman and S.B. Patten and G. Freedman and C.J. Murray and others},
    title = {\href{http://journals.plos.org/plosmedicine/article?id=10.1371/journal.pmed.1001547}{Burden of Depressive Disorders by Country, Sex, Age, and Year: Findings from the Global Burden of Disease Study 2010}},
    journal = {PLoS Med 10(11): e1001547},
    year = {2013},
    doi = {10.1371/journal.pmed.1001547}
}

@report{cepnhsfunding,
	author = {{CEP’s
Mental Health Policy Group}},
    title = {\href{http://cep.lse.ac.uk/_new/research/mentalhealth/default.asp}{How mental illness loses out in the NHS}},
    type = {},
    institution = {London School of Economics and Political Science: Centre for Economic Performance (CEP)},
    year = {2012},
}

@online{kfnhsbudget,
	author = {{The King's Fund}},
    title = {The NHS budget and how it has changed},
    year = {2016},
    url = {http://www.kingsfund.org.uk/projects/nhs-in-a-nutshell/nhs-budget},
    urldate = {2016-10-21},
}

@online{mhfunding,
	author = {S. Bloch},
    title = {NHS mental health funding falls in England - FoI figures},
    year = {2016},
    url = {http://www.bbc.co.uk/news/health-35559629},
    urldate = {2016-10-21},
}

@online{personalinformatics,
	author = {I. Li},
    title = {Personal Informatics},
    year = {2016},
    url = {http://www.personalinformatics.org/},
    urldate = {2016-10-23},
}

@article{wrapstudy,
	author = {Judith A. Cook and Mary Ellen Copeland and Jessica A. Jonikas and Marie M. Hamilton and Lisa A. Razzano and Dennis D. Grey and Carol B. Floyd and Walter B. Hudson and Rachel T. Macfarlane and Tina M. Carter and Sherry Boyd},
    title = {\href{http://schizophreniabulletin.oxfordjournals.org/content/early/2011/03/14/schbul.sbr012.full?keytype}{Results of a Randomized Controlled Trial of Mental Illness Self-management Using Wellness Recovery Action Planning}},
    journal = {Schizophrenia Bulletin},
    year = {2011},
    doi = {10.1093/schbul/sbr012},
}

@article{selfmanagementrelapse,
	author = {Kim T. Mueser and Patrick W. Corrigan and David W. Hilton and Beth Tanzman and Annette Schaub and Susan Gingerich and Susan M. Essock and Nick Tarrier and Bodie Morey and Suzanne Vogel-Scibilia and Marvin I. Herz},
    title = {\href{http://ps.psychiatryonline.org/doi/full/10.1176/appi.ps.53.10.1272}{Illness Management and Recovery: A Review of the Research}},
    journal = {Psychiatric Services},
    volume = {53},
    number = {10},
    pages = {1272 -- 1284},
    year = {2002},
    doi = {10.1176/appi.ps.53.10.1272},
}

@online{optimism,
	author = {{Optimism Apps Pty Ltd}},
    title = {Optimism},
	url = {http://www.findingoptimism.com/},
    urldate = {2016-10-24},
}

@proceedings{pimentalhealth,
	editor = {Mark Matthews},
    title = {\href{http://www.personalinformatics.org/docs/chi2011/matthews.pdf}{Relapse Prevention: Personal
Informatics for Clinical Mental Health}},
	year = {2011},
    eventtitle = {ACM
SIGCHI Conference on Human Factors in Computing Systems (CHI 2011)},
}

@online{strava,
	author = {{Strava Ltd}},
    title = {Strava},
	url = {https://www.strava.com/},
    urldate = {2016-10-24},
}

@online{twitter,
	author = {{Twitter Inc.}},
    title = {Twitter},
	url = {https://twitter.com/},
    urldate = {2016-10-24},
}

@report{fbdepressionteens,
	author = {Gwenn S. O’Keeffe and Kathleen Clarke-Pearson},
    title = {\href{http://pediatrics.aappublications.org/content/pediatrics/127/4/800.full.pdf}{Clinical Report - The Impact of Social Media on Children, Adolescents, and Families}},
    type = {},
    institution = {American Academy of Pediatrics},
    year = {2011},
    doi = {doi:10.1542/peds.2011-0054},
}

@inproceedings{de2013predicting,
    title = {Predicting Depression via Social Media.},
    author = {Munmin D. Choudhury and Michael Gamon and Scott Counts and Eric Horvitz},
    booktitle = {ICWSM},
    pages = {2},
    year = {2013},
}

@article{musicvulnerability,
    author = {Felicity Baker and William Bor},
    title = {\href{http://www.tandfonline.com/doi/full/10.1080/10398560701879589?scroll=top&needAccess=true}{Can music preference indicate mental health status in young people?}},
    journal = {Australasian Psychiatry},
    volume = {16},
    number = {4},
    pages = {284-288},
    year = {2008},
    doi = {10.1080/10398560701879589},
}

@article{worklifebalance,
  title = {\href{http://ssi.sagepub.com/content/41/2/255.short}{Perspectives on the study of work-life balance}},
  author = {David E. Guest},
  journal = {Social Science Information},
  volume = {41},
  number ={2},
  pages = {255 -- 279},
  year = {2002},
  publisher = {Sage Publications},
}

@online{existio,
	author = {{Hello Code}},
    title = {Exist},
	url = {https://exist.io/},
    urldate = {2016-10-25},
}

@article{exercisementalhealth,
    title={\href{https://www.ncbi.nlm.nih.gov/pmc/articles/PMC1424736/}{The relation of physical activity and exercise to mental health}},
    author={C. Barr Taylor and James F. Sallis and Richard Needle},
    journal={Public health reports},
    volume={100},
    number={2},
    pages={195},
    year={1985},
    publisher={Association of Schools of Public Health},
}

@online{httpmethods,
	author = {RestApiTutorial.com},
    title = {Using HTTP Methods for RESTful Services},
    url = {http://www.restapitutorial.com/lessons/httpmethods.html},
    urldate = {2016-10-26},
}

@online{reactnative,
	author = {{React Native}},
    title = {React Native},
    url = {http://www.reactnative.com/},
    urldate = {2016-10-26},
}

@online{reactnativegit,
	author = {Facebook},
    title = {react-native GitHub},
    url = {https://github.com/facebook/react-native},
    urldate = {2016-10-26},
}

@online{react,
	author = {Facebook},
    title = {React},
    url = {https://facebook.github.io/react/},
    urldate = {2016-10-26},
}

@online{d3,
	author = {Mike Bostock},
    title = {Data-Driven Documents},
    url = {https://d3js.org/},
    urldate = {2016-10-26},
}

@online{expressjs,
	author = {{Node.js Foundation}},
    title = {Express},
    url = {http://expressjs.com/},
    urldate = {2016-10-26},
}

@online{nodejs,
	author = {{Node.js Foundation}},
    title = {Node.js},
	url = {https://nodejs.org/en/},
	urldate = {2016-10-26},
}

@proceedings{existmentalhealth,
	editor = {S. Jones and R. Kelly},
    title = {\href{http://opus.bath.ac.uk/49947/}{Sensemaking Challenges in
Personal Informatics and Self-Monitoring Systems}},
	year = {2016},
    eventtitle = {ACM
SIGCHI Conference on Human Factors in Computing Systems (CHI 2016)},
}





%% ##  These are examples of BibTeX entries.  You should be able to represent
%% ##  all the entries you need from this set of examples.

%@book{latex,
%   author = "Leslie Lamport",
%   publisher = "Addison-Wesley",
%   title = "{LaTeX \rm:} {A} Document Preparation System",
%   year = "1986"
%}
%
%@unpublished{btxdoc,
%   author = "Oren Patashnik",
%   month = jan,
%   note = "Documentation for general {BibTeX} users",
%   title = "{{BibTeX ing}}",
%   year = "1988"
%}
%
%@InProceedings{Aguilar2001a,
%  title =        "Fuzzy Classifier System and Genetic Programming on
%                 System Identification Problems",
%  author =       "Jose Aguilar and Mariela Cerrada",
%  pages =        "1245--1251",
%  year =        2001,
%  publisher =   {Morgan Kaufmann},
%  booktitle =   {Proceedings of the Genetic and Evolutionary Computation Conference (GECCO-2001)},
%  editor =      {Lee Spector and Erik D. Goodman and Annie Wu and W.B. Langdon and Hans-Michael Voigt and Mitsuo Gen and Sandip Sen and Marco Dorigo and Shahram Pezeshk and Max H. Garzon and Edmund Burke},
%  address =     {San Francisco, California, USA},
%  publisher_address =   {San Francisco, CA 94104, USA},
%  month =       {7-11 July},
%  keywords =    {LCS, genetic algorithms, genetic programming, real world applications},
%  ISBN =        {1-55860-774-9},
%}
%
%@InCollection{Armano2002a,
%  author = 	 {G. Armano and M. Marchesi and A. Murru},
%  title = 	 {NXCS: Hybrid Approach to Stock
%Indexes Forecasting},
%  booktitle = 	 {Genetic Algorithms and Genetic Programming
%in Computational Finance},
%  keywords = 	 {LCS},
%  pages = 	 {125--158},
%  publisher =    {Kluwer},
%  year = 	 {2002},
%  editor = 	 {Shu-Heng Chen},
%  chapter = 	 {6},
%}
%
%@Article{Armano2002b,
%  author = 	 {G. Armano and A. Murru and F. Roli},
%  title = 	 {Stock Market Prediction by a
%Mixture of Genetic-Neural Experts},
%  journal = 	 {International Journal of Pattern
%Recognition and Artificial Intelligence},
%  year = 	 {2002},
%  keywords = 	 {LCS},
%  volume = 	 {16},
%  number = 	 {5},
%  pages = 	 {501--526},
%}
%
%@MastersThesis{Camilli1990a,
%  author =       "Alessio Camilli",
%  title =        "{Classifier systems in massively parallel
%                 architectures}",
%  year =         "1990",
%  school =       "University of Pisa",
%  keywords =     "LCS",
%  note =         "(In Italian)",
%}
%
%@PhdThesis{Booker1982a,
%  author =       "Lashon B. Booker",
%  keywords =     "LCS, genetic-algorithms",
%  school =       "{The University of Michigan}",
%  title =        "{Intelligent Behavior as an Adaptation to the Task
%                 Environment}",
%  year =         "1982",
%  comment =      "{\it ~\\ The genetic algorithm is applied to simulated
%                 organisms based on Holland's classifier systems to
%                 adapt their behavioral responses to complex
%                 environments.}",
%}
%
%@TechReport{Butz1999a,
%  author =       "Martin Butz and David E. Goldberg and Wolfgang
%                 Stolzmann",
%  title =        "{New challenges for an ACS: Hard problems and possible
%                 solutions}",
%  institution =  "University of Illinois at Urbana-Champaign",
%  year =         "1999",
%  number =       "99019",
%  address =      "Urbana, IL",
%  month =        oct,
%  keywords =     "LCS",
%  URL =          "http://www-illigal.ge.uiuc.edu/cgi-bin/orderform/orderform.cgi",
%  archive =      "Butz1999a.ps.gz",
%}
%
%@Book{Handbook_Of_EC,
%  title =        "{Handbook of Evolutionary Computation}",
%  booktitle =    "{Handbook of Evolutionary Computation}",
%  editor =       "Thomas B{\"a}ck and David B. Fogel and Zbigniew
%                 Michalewicz",
%  note =         "http://www.iop.org/Books/Catalogue/",
%  publisher =    "Institute of Physics Publishing and Oxford University
%                 Press",
%  year =         "1997",
%  keywords =     "LCS",
%  URL =          "http://www.iop.org/Books/Catalogue/",
%}
%
%@Proceedings{IWLCS99,
%  title =        "{Proceedings of the 1999 Genetic and Evolutionary
%                 Computation Conference Workshop Program}",
%  booktitle =    "{Proceedings of the 1999 Genetic and Evolutionary
%                 Computation Conference Workshop Program}",
%  year =         "1999",
%  editor =       "Annie S. Wu",
%}
%
%@Misc{IWLCS2000,
%  title =        "{Proceedings of the International Workshop on Learning
%                 Classifier Systems (IWLCS-2000), in the Joint Workshops
%                 of SAB 2000 and PPSN 2000}",
%  booktitle =    "{Proceedings of the International Workshop on Learning
%                 Classifier Systems (IWLCS-2000), in the Joint Workshops
%                 of SAB 2000 and PPSN 2000}",
%  year =         "2000",
%  note =         "Pier Luca Lanzi, Wolfgang Stolzmann and Stewart W.
%                 Wilson (workshop organisers)",
%}
